<?xml version="1.0" encoding="UTF-8"?><collection xmlns="http://www.loc.gov/MARC21/slim"><record><leader>00571nam--2200205-i-4500</leader><controlfield tag="001">000015506</controlfield><controlfield tag="002">20161230</controlfield><controlfield tag="005">20161230201031</controlfield><controlfield tag="008">060222s1000------------r-----000-0-eng-d</controlfield><datafield ind1=" " ind2=" " tag="020"><subfield code="a">0852747683</subfield></datafield><datafield ind1=" " ind2=" " tag="040"><subfield code="a">IFIN-HH</subfield></datafield><datafield ind1=" " ind2=" " tag="080"><subfield code="a">539.172.17</subfield></datafield><datafield ind1="1" ind2=" " tag="100"><subfield code="a">Collins, P.D.B</subfield></datafield><datafield ind1="1" ind2="0" tag="245"><subfield code="a">Hadron interactions</subfield><subfield code="b">With a preface by r.h. dalitz</subfield><subfield code="c">P.d.b. collins, a.d. martin</subfield></datafield><datafield ind1=" " ind2=" " tag="260"><subfield code="a">Bristol</subfield><subfield code="b">Adam Hilger Ltd</subfield><subfield code="c">1984</subfield></datafield><datafield ind1=" " ind2=" " tag="300"><subfield code="a">X+169P</subfield></datafield><datafield ind1=" " ind2=" " tag="490"><subfield code="a">Graduate Student Series In Physics</subfield></datafield><datafield ind1="1" ind2=" " tag="700"><subfield code="a">Martin, A.D</subfield></datafield><datafield ind1=" " ind2=" " tag="852"><subfield code="a">72819</subfield><subfield code="c">539.17</subfield></datafield><datafield ind1=" " ind2=" " tag="CAT"><subfield code="a">Sys</subfield><subfield code="c">20120625</subfield><subfield code="h">111247</subfield></datafield></record></collection>